{"data":{"AAPL":{"ticker":"AAPL","name":"Apple Inc.","cik":"0000320193","quarters":[{"quarter":"Q4 2025","endDate":"2025-12-31","filed":"2026-01-31","financials":{"Revenues":124.3,"NetIncome":35.2,"GrossProfit":57.1,"OperatingIncome":42.8,"CostOfRevenue":67.2,"OperatingExpenses":14.9,"EPS":2.3},"dataSource":"static_fallback","transcript":{"available":true,"source":"The Motley Fool","type":"transcript","url":"https://www.fool.com/earnings/call-transcripts/2025/10/31/apple-q4-2025-earnings-call-transcript/","scraped":true,"charCount":49608,"sourcesTried":["The Motley Fool"],"note":null,"textPreview":"Image source: The Motley Fool. DateOct. 30, 2025 at 5:00 p.m. ETCall participantsChief Executive Officer — Timothy Donald CookChief Financial Officer — Kevan ParekhSenior Director, Investor Relations ..."}},{"quarter":"Q3 2025","endDate":"2024-06-29","filed":"2025-08-01","financials":{"Revenues":85.777,"NetIncome":21.448,"GrossProfit":39.678,"OperatingIncome":25.352,"CostOfRevenue":46.099,"OperatingExpenses":14.326,"EPS":1.4},"dataSource":"sec_edgar","transcript":{"available":true,"source":"The Motley Fool","type":"transcript","url":"https://www.fool.com/earnings/call-transcripts/2025/08/01/apple-aapl-q3-2025-earnings-call-transcript/","scraped":true,"charCount":51029,"sourcesTried":["The Motley Fool"],"note":null,"textPreview":"Image source: The Motley Fool. DATEThursday, July 31, 2025 at 5 p.m. ETCALL PARTICIPANTSChief Executive Officer — Timothy D. CookChief Financial Officer — Kevan ParekhHead of Investor Relations — Suha..."}},{"quarter":"Q2 2025","endDate":"2024-03-30","filed":"2025-05-02","financials":{"Revenues":90.753,"NetIncome":23.636,"GrossProfit":42.271,"OperatingIncome":27.9,"CostOfRevenue":48.482,"OperatingExpenses":14.371,"EPS":1.53},"dataSource":"sec_edgar","transcript":{"available":false,"source":"System Default","type":"system_default","url":null,"scraped":false,"charCount":0,"sourcesTried":["The Motley Fool","Yahoo Finance","Investing.com"],"note":"No source available - using system default. Tried: The Motley Fool, Yahoo Finance, Investing.com"}},{"quarter":"Q1 2025","endDate":"2023-12-30","filed":"2025-01-31","financials":{"Revenues":119.575,"NetIncome":33.916,"GrossProfit":54.855,"OperatingIncome":40.373,"CostOfRevenue":64.72,"OperatingExpenses":14.482,"EPS":2.18},"dataSource":"sec_edgar","transcript":{"available":false,"source":"System Default","type":"system_default","url":null,"scraped":false,"charCount":0,"sourcesTried":["The Motley Fool","Yahoo Finance","Investing.com"],"note":"No source available - using system default. Tried: The Motley Fool, Yahoo Finance, Investing.com"}}],"coverage":{"financial":{"sec":3,"static":1,"total":4},"transcript":{"scraped":2,"proxy":0,"systemDefault":2,"total":4}}},"NVDA":{"ticker":"NVDA","name":"NVIDIA Corporation","cik":"0001045810","quarters":[{"quarter":"Q4 2025","endDate":"2025-12-31","filed":"2026-01-31","financials":{"Revenues":124.3,"NetIncome":35.2,"GrossProfit":57.1,"OperatingIncome":42.8,"CostOfRevenue":67.2,"OperatingExpenses":14.9,"EPS":2.3},"dataSource":"static_fallback","transcript":{"available":false,"source":"System Default","type":"system_default","url":null,"scraped":false,"charCount":0,"sourcesTried":["Investing.com","The Motley Fool","Yahoo Finance"],"note":"No source available - using system default. Tried: Investing.com, The Motley Fool, Yahoo Finance"}},{"quarter":"Q3 2025","endDate":"2023-10-29","filed":"2024-11-20","financials":{"Revenues":18.12,"NetIncome":9.243,"GrossProfit":13.4,"OperatingIncome":10.417,"CostOfRevenue":4.72,"OperatingExpenses":2.983,"EPS":3.71},"dataSource":"sec_edgar","transcript":{"available":true,"source":"The Motley Fool","type":"transcript","url":"https://www.fool.com/earnings/call-transcripts/2024/11/20/nvidia-nvda-q3-2025-earnings-call-transcript/","scraped":true,"charCount":50324,"sourcesTried":["The Motley Fool"],"note":null,"textPreview":"Image source: The Motley Fool. Nvidia (NVDA 0.29%)Q3 2025 Earnings CallNov 20, 2024, 5:00 p.m. ETContents: Prepared Remarks Questions and Answers Call Participants Prepared Remarks: OperatorGood after..."}},{"quarter":"Q2 2025","endDate":"2023-07-30","filed":"2024-08-28","financials":{"Revenues":13.507,"NetIncome":6.188,"GrossProfit":9.462,"OperatingIncome":6.8,"CostOfRevenue":4.045,"OperatingExpenses":2.662,"EPS":2.48},"dataSource":"sec_edgar","transcript":{"available":false,"source":"System Default","type":"system_default","url":null,"scraped":false,"charCount":0,"sourcesTried":["Yahoo Finance","The Motley Fool","Investing.com"],"note":"No source available - using system default. Tried: Yahoo Finance, The Motley Fool, Investing.com"}},{"quarter":"Q1 2025","endDate":"2023-04-30","filed":"2024-05-29","financials":{"Revenues":7.192,"NetIncome":2.043,"GrossProfit":4.648,"OperatingIncome":2.14,"CostOfRevenue":2.544,"OperatingExpenses":2.508,"EPS":0.82},"dataSource":"sec_edgar","transcript":{"available":false,"source":"System Default","type":"system_default","url":null,"scraped":false,"charCount":0,"sourcesTried":["The Motley Fool","Yahoo Finance","Investing.com"],"note":"No source available - using system default. Tried: The Motley Fool, Yahoo Finance, Investing.com"}}],"coverage":{"financial":{"sec":3,"static":1,"total":4},"transcript":{"scraped":1,"proxy":0,"systemDefault":3,"total":4}}},"MSFT":{"ticker":"MSFT","name":"Microsoft Corporation","cik":"0000789019","quarters":[{"quarter":"Q4 2025","endDate":"2025-12-31","filed":"2026-01-31","financials":{"Revenues":124.3,"NetIncome":35.2,"GrossProfit":57.1,"OperatingIncome":42.8,"CostOfRevenue":67.2,"OperatingExpenses":14.9,"EPS":2.3},"dataSource":"static_fallback","transcript":{"available":false,"source":"System Default","type":"system_default","url":null,"scraped":false,"charCount":0,"sourcesTried":["The Motley Fool","Yahoo Finance","Investing.com"],"note":"No source available - using system default. Tried: The Motley Fool, Yahoo Finance, Investing.com"}},{"quarter":"Q3 2025","endDate":"2024-03-31","filed":"2025-04-30","financials":{"Revenues":61.858,"NetIncome":21.939,"GrossProfit":43.353,"OperatingIncome":27.581,"CostOfRevenue":18.505,"OperatingExpenses":0,"EPS":2.94},"dataSource":"sec_edgar","transcript":{"available":false,"source":"System Default","type":"system_default","url":null,"scraped":false,"charCount":0,"sourcesTried":["The Motley Fool","Yahoo Finance","Investing.com"],"note":"No source available - using system default. Tried: The Motley Fool, Yahoo Finance, Investing.com"}},{"quarter":"Q2 2025","endDate":"2023-12-31","filed":"2025-01-29","financials":{"Revenues":62.02,"NetIncome":21.87,"GrossProfit":42.397,"OperatingIncome":27.032,"CostOfRevenue":19.623,"OperatingExpenses":0,"EPS":2.93},"dataSource":"sec_edgar","transcript":{"available":false,"source":"System Default","type":"system_default","url":null,"scraped":false,"charCount":0,"sourcesTried":["Investing.com","The Motley Fool","Yahoo Finance"],"note":"No source available - using system default. Tried: Investing.com, The Motley Fool, Yahoo Finance"}},{"quarter":"Q1 2025","endDate":"2023-09-30","filed":"2024-10-30","financials":{"Revenues":56.517,"NetIncome":22.291,"GrossProfit":40.215,"OperatingIncome":26.895,"CostOfRevenue":16.302,"OperatingExpenses":0,"EPS":2.99},"dataSource":"sec_edgar","transcript":{"available":false,"source":"System Default","type":"system_default","url":null,"scraped":false,"charCount":0,"sourcesTried":["Yahoo Finance","The Motley Fool","Investing.com"],"note":"No source available - using system default. Tried: Yahoo Finance, The Motley Fool, Investing.com"}}],"coverage":{"financial":{"sec":3,"static":1,"total":4},"transcript":{"scraped":0,"proxy":0,"systemDefault":4,"total":4}}},"GOOGL":{"ticker":"GOOGL","name":"Alphabet Inc.","cik":"0001652044","quarters":[{"quarter":"Q4 2025","endDate":"2025-12-31","filed":"2026-01-31","financials":{"Revenues":124.3,"NetIncome":35.2,"GrossProfit":57.1,"OperatingIncome":42.8,"CostOfRevenue":67.2,"OperatingExpenses":14.9,"EPS":2.3},"dataSource":"static_fallback","transcript":{"available":true,"source":"The Motley Fool","type":"transcript","url":"https://www.fool.com/earnings/call-transcripts/2026/02/04/alphabet-googl-q4-2025-earnings-call-transcript/","scraped":true,"charCount":59021,"sourcesTried":["The Motley Fool"],"note":null,"textPreview":"Image source: The Motley Fool. DATEWednesday, February 4, 2026 at 4:30 p.m. ETCALL PARTICIPANTSChief Executive Officer — Sundar PichaiPresident and Chief Investment Officer — Philip SchindlerChief Fin..."}},{"quarter":"Q3 2025","endDate":"2024-09-30","filed":"2025-10-30","financials":{"Revenues":88.268,"NetIncome":26.301,"GrossProfit":51.794000000000004,"OperatingIncome":28.521,"CostOfRevenue":36.474,"OperatingExpenses":59.747,"EPS":2.12},"dataSource":"sec_edgar","transcript":{"available":false,"source":"System Default","type":"system_default","url":null,"scraped":false,"charCount":0,"sourcesTried":["Yahoo Finance","The Motley Fool","Investing.com"],"note":"No source available - using system default. Tried: Yahoo Finance, The Motley Fool, Investing.com"}},{"quarter":"Q2 2025","endDate":"2024-06-30","filed":"2025-07-24","financials":{"Revenues":84.742,"NetIncome":23.619,"GrossProfit":49.23500000000001,"OperatingIncome":27.425,"CostOfRevenue":35.507,"OperatingExpenses":57.317,"EPS":1.89},"dataSource":"sec_edgar","transcript":{"available":false,"source":"System Default","type":"system_default","url":null,"scraped":false,"charCount":0,"sourcesTried":["Investing.com","The Motley Fool","Yahoo Finance"],"note":"No source available - using system default. Tried: Investing.com, The Motley Fool, Yahoo Finance"}},{"quarter":"Q1 2025","endDate":"2024-03-31","filed":"2025-04-25","financials":{"Revenues":80.539,"NetIncome":23.662,"GrossProfit":46.827,"OperatingIncome":25.472,"CostOfRevenue":33.712,"OperatingExpenses":55.067,"EPS":1.89},"dataSource":"sec_edgar","transcript":{"available":false,"source":"System Default","type":"system_default","url":null,"scraped":false,"charCount":0,"sourcesTried":["The Motley Fool","Yahoo Finance","Investing.com"],"note":"No source available - using system default. Tried: The Motley Fool, Yahoo Finance, Investing.com"}}],"coverage":{"financial":{"sec":3,"static":1,"total":4},"transcript":{"scraped":1,"proxy":0,"systemDefault":3,"total":4}}},"AMZN":{"ticker":"AMZN","name":"Amazon.com Inc.","cik":"0001018724","quarters":[{"quarter":"Q4 2025","endDate":"2025-12-31","filed":"2026-01-31","financials":{"Revenues":124.3,"NetIncome":35.2,"GrossProfit":57.1,"OperatingIncome":42.8,"CostOfRevenue":67.2,"OperatingExpenses":14.9,"EPS":2.3},"dataSource":"static_fallback","transcript":{"available":false,"source":"System Default","type":"system_default","url":null,"scraped":false,"charCount":0,"sourcesTried":["Yahoo Finance","The Motley Fool","Investing.com"],"note":"No source available - using system default. Tried: Yahoo Finance, The Motley Fool, Investing.com"}},{"quarter":"Q3 2025","endDate":"2024-09-30","filed":"2025-10-31","financials":{"Revenues":158.877,"NetIncome":15.328,"GrossProfit":77.9,"OperatingIncome":17.411,"CostOfRevenue":80.977,"OperatingExpenses":141.466,"EPS":1.43},"dataSource":"sec_edgar","transcript":{"available":false,"source":"System Default","type":"system_default","url":null,"scraped":false,"charCount":0,"sourcesTried":["Investing.com","The Motley Fool","Yahoo Finance"],"note":"No source available - using system default. Tried: Investing.com, The Motley Fool, Yahoo Finance"}},{"quarter":"Q2 2025","endDate":"2024-06-30","filed":"2025-08-01","financials":{"Revenues":147.977,"NetIncome":13.485,"GrossProfit":74.19200000000001,"OperatingIncome":14.672,"CostOfRevenue":73.785,"OperatingExpenses":133.305,"EPS":1.26},"dataSource":"sec_edgar","transcript":{"available":false,"source":"System Default","type":"system_default","url":null,"scraped":false,"charCount":0,"sourcesTried":["The Motley Fool","Yahoo Finance","Investing.com"],"note":"No source available - using system default. Tried: The Motley Fool, Yahoo Finance, Investing.com"}},{"quarter":"Q1 2025","endDate":"2024-03-31","filed":"2025-05-02","financials":{"Revenues":143.313,"NetIncome":10.431,"GrossProfit":70.67999999999999,"OperatingIncome":15.307,"CostOfRevenue":72.633,"OperatingExpenses":128.006,"EPS":0.98},"dataSource":"sec_edgar","transcript":{"available":false,"source":"System Default","type":"system_default","url":null,"scraped":false,"charCount":0,"sourcesTried":["Yahoo Finance","The Motley Fool","Investing.com"],"note":"No source available - using system default. Tried: Yahoo Finance, The Motley Fool, Investing.com"}}],"coverage":{"financial":{"sec":3,"static":1,"total":4},"transcript":{"scraped":0,"proxy":0,"systemDefault":4,"total":4}}},"META":{"ticker":"META","name":"Meta Platforms Inc.","cik":"0001326801","quarters":[{"quarter":"Q4 2025","endDate":"2025-12-31","filed":"2026-01-31","financials":{"Revenues":124.3,"NetIncome":35.2,"GrossProfit":57.1,"OperatingIncome":42.8,"CostOfRevenue":67.2,"OperatingExpenses":14.9,"EPS":2.3},"dataSource":"static_fallback","transcript":{"available":true,"source":"The Motley Fool","type":"transcript","url":"https://www.fool.com/earnings/call-transcripts/2026/01/28/meta-meta-q4-2025-earnings-call-transcript/","scraped":true,"charCount":55682,"sourcesTried":["The Motley Fool"],"note":null,"textPreview":"Image source: The Motley Fool. DateJan. 28, 2026, 4:30 p.m. ETCall participantsChief Executive Officer — Mark Elliot ZuckerbergChief Financial Officer — Susan LiGeneral Counsel and Secretary — Kenneth..."}},{"quarter":"Q3 2025","endDate":"2024-09-30","filed":"2025-10-30","financials":{"Revenues":40.589,"NetIncome":15.688,"GrossProfit":33.214,"OperatingIncome":17.35,"CostOfRevenue":7.375,"OperatingExpenses":23.239,"EPS":6.03},"dataSource":"sec_edgar","transcript":{"available":false,"source":"System Default","type":"system_default","url":null,"scraped":false,"charCount":0,"sourcesTried":["Yahoo Finance","The Motley Fool","Investing.com"],"note":"No source available - using system default. Tried: Yahoo Finance, The Motley Fool, Investing.com"}},{"quarter":"Q2 2025","endDate":"2024-06-30","filed":"2025-07-31","financials":{"Revenues":39.071,"NetIncome":13.465,"GrossProfit":31.762999999999998,"OperatingIncome":14.847,"CostOfRevenue":7.308,"OperatingExpenses":24.224,"EPS":5.16},"dataSource":"sec_edgar","transcript":{"available":false,"source":"System Default","type":"system_default","url":null,"scraped":false,"charCount":0,"sourcesTried":["Investing.com","The Motley Fool","Yahoo Finance"],"note":"No source available - using system default. Tried: Investing.com, The Motley Fool, Yahoo Finance"}},{"quarter":"Q1 2025","endDate":"2024-03-31","filed":"2025-05-01","financials":{"Revenues":36.455,"NetIncome":12.369,"GrossProfit":29.814999999999998,"OperatingIncome":13.818,"CostOfRevenue":6.64,"OperatingExpenses":22.637,"EPS":4.71},"dataSource":"sec_edgar","transcript":{"available":false,"source":"SEC EDGAR (10-Q MD&A)","type":"proxy","url":"https://www.sec.gov/cgi-bin/browse-edgar?action=getcompany&CIK=0001326801","scraped":false,"charCount":0,"sourcesTried":["The Motley Fool","Yahoo Finance","Investing.com","SEC EDGAR (proxy)"],"note":"Using 10-Q MD&A as proxy - transcript not publicly available"}}],"coverage":{"financial":{"sec":3,"static":1,"total":4},"transcript":{"scraped":1,"proxy":1,"systemDefault":2,"total":4}}},"TSLA":{"ticker":"TSLA","name":"Tesla Inc.","cik":"0001318605","quarters":[{"quarter":"Q4 2025","endDate":"2025-12-31","filed":"2026-01-31","financials":{"Revenues":124.3,"NetIncome":35.2,"GrossProfit":57.1,"OperatingIncome":42.8,"CostOfRevenue":67.2,"OperatingExpenses":14.9,"EPS":2.3},"dataSource":"static_fallback","transcript":{"available":true,"source":"The Motley Fool","type":"transcript","url":"https://www.fool.com/earnings/call-transcripts/2026/01/28/tesla-tsla-q4-2025-earnings-call-transcript/","scraped":true,"charCount":51503,"sourcesTried":["The Motley Fool"],"note":null,"textPreview":"Image source: The Motley Fool. DateJan. 28, 2026 at 5:30 p.m. ETCall participantsChief Executive Officer — Elon MuskChief Financial Officer — Vaibhav TanejaVice President, Vehicle Engineering — Lars M..."}},{"quarter":"Q3 2025","endDate":"2024-09-30","filed":"2025-10-23","financials":{"Revenues":25.182,"NetIncome":2.167,"GrossProfit":4.997,"OperatingIncome":2.717,"CostOfRevenue":20.185,"OperatingExpenses":2.28,"EPS":0.62},"dataSource":"sec_edgar","transcript":{"available":false,"source":"System Default","type":"system_default","url":null,"scraped":false,"charCount":0,"sourcesTried":["Yahoo Finance","The Motley Fool","Investing.com"],"note":"No source available - using system default. Tried: Yahoo Finance, The Motley Fool, Investing.com"}},{"quarter":"Q2 2025","endDate":"2024-06-30","filed":"2025-07-24","financials":{"Revenues":25.5,"NetIncome":1.478,"GrossProfit":4.578,"OperatingIncome":1.605,"CostOfRevenue":20.922,"OperatingExpenses":2.973,"EPS":0.42},"dataSource":"sec_edgar","transcript":{"available":false,"source":"System Default","type":"system_default","url":null,"scraped":false,"charCount":0,"sourcesTried":["The Motley Fool","Yahoo Finance","Investing.com"],"note":"No source available - using system default. Tried: The Motley Fool, Yahoo Finance, Investing.com"}},{"quarter":"Q1 2025","endDate":"2024-03-31","filed":"2025-04-23","financials":{"Revenues":21.301,"NetIncome":1.129,"GrossProfit":3.696,"OperatingIncome":1.171,"CostOfRevenue":17.605,"OperatingExpenses":2.525,"EPS":0.34},"dataSource":"sec_edgar","transcript":{"available":false,"source":"System Default","type":"system_default","url":null,"scraped":false,"charCount":0,"sourcesTried":["Yahoo Finance","The Motley Fool","Investing.com"],"note":"No source available - using system default. Tried: Yahoo Finance, The Motley Fool, Investing.com"}}],"coverage":{"financial":{"sec":3,"static":1,"total":4},"transcript":{"scraped":1,"proxy":0,"systemDefault":3,"total":4}}},"JPM":{"ticker":"JPM","name":"JPMorgan Chase & Co.","cik":"0000019617","quarters":[{"quarter":"Q4 2025","endDate":"2025-12-31","filed":"2026-01-31","financials":{"Revenues":124.3,"NetIncome":35.2,"GrossProfit":57.1,"OperatingIncome":42.8,"CostOfRevenue":67.2,"OperatingExpenses":14.9,"EPS":2.3},"dataSource":"static_fallback","transcript":{"available":true,"source":"The Motley Fool","type":"transcript","url":"https://www.fool.com/earnings/call-transcripts/2026/01/15/j-p-morgan-chase-jpm-q4-2025-earnings-call-transcript/","scraped":true,"charCount":70120,"sourcesTried":["The Motley Fool"],"note":null,"textPreview":"Image source: The Motley Fool. DateTuesday, Jan. 13, 2026, at 8:30 a.m. ETCall participantsChief Financial Officer — Jeremy BarnumChairman and Chief Executive Officer — Jamie DimonTakeawaysNet income ..."}},{"quarter":"Q3 2025","endDate":"2024-09-30","filed":"2025-11-04","financials":{"Revenues":23.405,"NetIncome":12.898,"GrossProfit":0,"OperatingIncome":16.978,"CostOfRevenue":0,"OperatingExpenses":22.565,"EPS":4.37},"dataSource":"sec_edgar","transcript":{"available":false,"source":"System Default","type":"system_default","url":null,"scraped":false,"charCount":0,"sourcesTried":["Yahoo Finance","The Motley Fool","Investing.com"],"note":"No source available - using system default. Tried: Yahoo Finance, The Motley Fool, Investing.com"}},{"quarter":"Q2 2025","endDate":"2024-06-30","filed":"2025-08-05","financials":{"Revenues":22.746,"NetIncome":18.149,"GrossProfit":0,"OperatingIncome":23.435,"CostOfRevenue":0,"OperatingExpenses":23.713,"EPS":6.12},"dataSource":"sec_edgar","transcript":{"available":false,"source":"System Default","type":"system_default","url":null,"scraped":false,"charCount":0,"sourcesTried":["Investing.com","The Motley Fool","Yahoo Finance"],"note":"No source available - using system default. Tried: Investing.com, The Motley Fool, Yahoo Finance"}},{"quarter":"Q1 2025","endDate":"2024-03-31","filed":"2025-05-01","financials":{"Revenues":23.082,"NetIncome":13.419,"GrossProfit":0,"OperatingIncome":17.293,"CostOfRevenue":0,"OperatingExpenses":22.757,"EPS":4.44},"dataSource":"sec_edgar","transcript":{"available":false,"source":"System Default","type":"system_default","url":null,"scraped":false,"charCount":0,"sourcesTried":["The Motley Fool","Yahoo Finance","Investing.com"],"note":"No source available - using system default. Tried: The Motley Fool, Yahoo Finance, Investing.com"}}],"coverage":{"financial":{"sec":3,"static":1,"total":4},"transcript":{"scraped":1,"proxy":0,"systemDefault":3,"total":4}}},"JNJ":{"ticker":"JNJ","name":"Johnson & Johnson","cik":"0000200406","quarters":[{"quarter":"Q4 2025","endDate":"2025-12-31","filed":"2026-01-31","financials":{"Revenues":124.3,"NetIncome":35.2,"GrossProfit":57.1,"OperatingIncome":42.8,"CostOfRevenue":67.2,"OperatingExpenses":14.9,"EPS":2.3},"dataSource":"static_fallback","transcript":{"available":false,"source":"System Default","type":"system_default","url":null,"scraped":false,"charCount":0,"sourcesTried":["The Motley Fool","Yahoo Finance","Investing.com"],"note":"No source available - using system default. Tried: The Motley Fool, Yahoo Finance, Investing.com"}},{"quarter":"Q3 2025","endDate":"2024-09-29","filed":"2025-10-22","financials":{"Revenues":22.471,"NetIncome":2.694,"GrossProfit":15.508,"OperatingIncome":3.338,"CostOfRevenue":6.963,"OperatingExpenses":0,"EPS":1.11},"dataSource":"sec_edgar","transcript":{"available":false,"source":"System Default","type":"system_default","url":null,"scraped":false,"charCount":0,"sourcesTried":["Yahoo Finance","The Motley Fool","Investing.com"],"note":"No source available - using system default. Tried: Yahoo Finance, The Motley Fool, Investing.com"}},{"quarter":"Q2 2025","endDate":"2024-06-30","filed":"2025-07-24","financials":{"Revenues":22.447,"NetIncome":4.686,"GrossProfit":15.578,"OperatingIncome":5.748,"CostOfRevenue":6.869,"OperatingExpenses":0,"EPS":1.93},"dataSource":"sec_edgar","transcript":{"available":false,"source":"SEC EDGAR (10-Q MD&A)","type":"proxy","url":"https://www.sec.gov/cgi-bin/browse-edgar?action=getcompany&CIK=0000200406","scraped":false,"charCount":0,"sourcesTried":["The Motley Fool","Yahoo Finance","Investing.com","SEC EDGAR (proxy)"],"note":"Using 10-Q MD&A as proxy - transcript not publicly available"}},{"quarter":"Q1 2025","endDate":"2024-03-31","filed":"2025-04-23","financials":{"Revenues":21.383,"NetIncome":3.255,"GrossProfit":14.872,"OperatingIncome":3.714,"CostOfRevenue":6.511,"OperatingExpenses":0,"EPS":1.34},"dataSource":"sec_edgar","transcript":{"available":false,"source":"System Default","type":"system_default","url":null,"scraped":false,"charCount":0,"sourcesTried":["Yahoo Finance","The Motley Fool","Investing.com"],"note":"No source available - using system default. Tried: Yahoo Finance, The Motley Fool, Investing.com"}}],"coverage":{"financial":{"sec":3,"static":1,"total":4},"transcript":{"scraped":0,"proxy":1,"systemDefault":3,"total":4}}},"WMT":{"ticker":"WMT","name":"Walmart Inc.","cik":"0000104169","quarters":[{"quarter":"Q4 2025","endDate":"2025-12-31","filed":"2026-01-31","financials":{"Revenues":124.3,"NetIncome":35.2,"GrossProfit":57.1,"OperatingIncome":42.8,"CostOfRevenue":67.2,"OperatingExpenses":14.9,"EPS":2.3},"dataSource":"static_fallback","transcript":{"available":true,"source":"The Motley Fool","type":"transcript","url":"https://www.fool.com/earnings/call-transcripts/2025/02/20/walmart-wmt-q4-2025-earnings-call-transcript/","scraped":true,"charCount":63889,"sourcesTried":["The Motley Fool"],"note":null,"textPreview":"Image source: The Motley Fool. Walmart (WMT +3.45%)Q4 2025 Earnings CallFeb 20, 2025, 8:00 a.m. ETContents: Prepared Remarks Questions and Answers Call Participants Prepared Remarks: OperatorGreetings..."}},{"quarter":"Q3 2025","endDate":"2023-10-31","filed":"2024-12-06","financials":{"Revenues":160.804,"NetIncome":0.453,"GrossProfit":39.620999999999995,"OperatingIncome":6.202,"CostOfRevenue":121.183,"OperatingExpenses":0,"EPS":0.17},"dataSource":"sec_edgar","transcript":{"available":false,"source":"System Default","type":"system_default","url":null,"scraped":false,"charCount":0,"sourcesTried":["Yahoo Finance","The Motley Fool","Investing.com"],"note":"No source available - using system default. Tried: Yahoo Finance, The Motley Fool, Investing.com"}},{"quarter":"Q2 2025","endDate":"2023-07-31","filed":"2024-08-30","financials":{"Revenues":161.632,"NetIncome":7.891,"GrossProfit":39.78200000000001,"OperatingIncome":7.316,"CostOfRevenue":121.85,"OperatingExpenses":0,"EPS":2.92},"dataSource":"sec_edgar","transcript":{"available":false,"source":"System Default","type":"system_default","url":null,"scraped":false,"charCount":0,"sourcesTried":["Investing.com","The Motley Fool","Yahoo Finance"],"note":"No source available - using system default. Tried: Investing.com, The Motley Fool, Yahoo Finance"}},{"quarter":"Q1 2025","endDate":"2023-04-30","filed":"2024-06-07","financials":{"Revenues":152.301,"NetIncome":1.673,"GrossProfit":37.01699999999998,"OperatingIncome":6.24,"CostOfRevenue":115.284,"OperatingExpenses":0,"EPS":0.62},"dataSource":"sec_edgar","transcript":{"available":true,"source":"The Motley Fool","type":"transcript","url":"https://www.fool.com/earnings/call-transcripts/2024/05/16/walmart-wmt-q1-2025-earnings-call-transcript/","scraped":true,"charCount":62240,"sourcesTried":["The Motley Fool"],"note":null,"textPreview":"Image source: The Motley Fool. Walmart (WMT +3.45%)Q1 2025 Earnings CallMay 16, 2024, 8:00 a.m. ETContents: Prepared Remarks Questions and Answers Call Participants Prepared Remarks: OperatorWelcome t..."}}],"coverage":{"financial":{"sec":3,"static":1,"total":4},"transcript":{"scraped":2,"proxy":0,"systemDefault":2,"total":4}}}},"timestamp":1770923561000,"lastUpdated":"2026-02-12T19:12:41.000Z"}